@article{article,
author = {Hwang, Johye and Yoon, So-Yeon and Bendle, Lawrence},
year = {2012},
month = {03},
pages = {},
title = {Desired privacy and the impact of crowding on customer emotions and approach-avoidance responses: Waiting in a virtual reality restaurant},
volume = {24},
journal = {International Journal of Contemporary Hospitality Management},
doi = {10.1108/09596111211206150}
}

@article{article,
author = {Adhitama, Amru and Kurniawati, Kurniawati and Masnita, Yolanda},
year = {2023},
month = {08},
pages = {3196-3208},
title = {Attracting Consumer Food: The Effect of Perceived Crowdedness},
volume = {2},
journal = {Journal of Social Research},
doi = {10.55324/josr.v2i9.1374}
}

@article{article,
author = {Bagayatkar, Pawar, Salvi, Gawande},
year = {2022},
month = {},
pages = {503-508},
title = {Virtual Smart Canteen System},
volume = {1},
journal = {2022 IEEE International Conference on Signal Processing, Informatics, Communication and Energy Systems},
doi = {10.1109/SPICES52834.2022.9774187}
}

@article{article,
author = {Mr. M. Mukesh Krishnan, Avudaiappan S, Mohamed Anees S, Thirumaran L},
year = {2021},
month = {03},
pages = {1672-1674},
title = {Canteen Food Ordering System and Management},
volume = {8},
journal = {International Research Journal of Engineering and Technology},
doi = {}
}